% Encoding: UTF-8


@Book{bringhurst,
  Title                    = {The Elements of Typographic Style},
  Author                   = {Bringhurst, Robert},
  Year                     = {1992},
  Location                 = {Vancouver},
  Publisher                = {Hartley \& Marks},

  Owner                    = {mo},
  Timestamp                = {2016.09.23}
}

@Manual{installationshinweise,
  Title                    = {\TeX-Installation},
  Author                   = {Maximilian Jalea},
  Note                     = {http://latexkurs.github.io/exercises/},
  Url                      = {http://latexkurs.github.io/exercises/00_texlive_installation.pdf},

  Owner                    = {max},
  Timestamp                = {2018.10.18}
}

@Manual{wikibooksmaths,
  Title                    = {\LaTeX/Mathematics},
  Author                   = {Wikibooks},
  Note                     = {https://en.wikibooks.org/wiki/LaTeX/Mathematics},
  Url                      = {https://en.wikibooks.org/wiki/LaTeX/Mathematics},

  Owner                    = {max},
  Timestamp                = {2018.11.12}
}

@Article{minimaltikz,
  Title                    = {A very minimal introduction to \TikZ},
  Author                   = {Crémer, Jaques},
  Note                     = {http://cremeronline.com/LaTeX/minimaltikz.pdf},
  Url                      = {http://cremeronline.com/LaTeX/minimaltikz.pdf},

  Owner                    = {mo},
  Timestamp                = {2016.11.19}
}

@Article{l2kurz,
  Title                    = {\LaTeXe-Kurzbeschreibung},
  Author                   = {Marco Daniel and Patrick Gundlach and Walter Schmidt and Jörg Knappen and Hubert Partl and Irene Hyna},
  Note                     = {texdoc l2kurz},
  Url                      = {http://mirrors.ctan.org/info/lshort/german/l2kurz.pdf},

  Owner                    = {mo},
  Timestamp                = {2016.10.18}
}

@Article{booktabs,
  Title                    = {Publication quality tables in \LaTeX},
  Author                   = {Fear, Simon},
  Note                     = {texdoc booktabs},
  Url                      = {http://mirrors.ctan.org/macros/latex/contrib/booktabs/booktabs.pdf},

  Owner                    = {mo},
  Timestamp                = {2016.09.23}
}

@Article{pgfplots,
  Title                    = {Manual for Package pgfplots},
  Author                   = {Feuersänger, Christian},
  Note                     = {texdoc pgfplots},
  Url                      = {http://mirrors.ctan.org/graphics/pgf/contrib/pgfplots/doc/pgfplots.pdf},

  Owner                    = {mo},
  Timestamp                = {2016.11.24}
}

@Book{detailtypo,
  Title                    = {Detailtypografie},
  Author                   = {Forssman, Friedrich and de Jong, Ralf},
  Year                     = {2002},
  Location                 = {Mainz},
  Publisher                = {Verlag Hermann Schmidt},

  Owner                    = {mo},
  Timestamp                = {2016.10.25}
}

@Book{graphicscompanion,
  title     = {The \LaTeX\ Graphics Companion},
  publisher = {Addison-Wesley},
  year      = {2008},
  author    = {Goossens, Michael and Rahtz, Sebastian and Mittelbach, Frank},
  location  = {Upper Saddle River},
  owner     = {mo},
  timestamp = {2016.11.19},
}

@Article{kohm:satzspiegel,
  Title                    = {Satzspiegelkonstruktionen im Vergleich},
  Author                   = {Kohm, Markus},
  Note                     = {http://www.dante.de/tex/Dokumente/KohmSatzspiegel.pdf},
  Url                      = {http://www.dante.de/tex/Dokumente/KohmSatzspiegel.pdf},

  Owner                    = {mo},
  Timestamp                = {2016.09.23}
}

@Book{dante:koma,
  Title                    = {KOMA-Skript},
  Author                   = {Kohm, Markus and Morawski, Jens-Uwe},
  Year                     = {2012},
  Note                     = {texdoc koma-script},
  Publisher                = {Lehmanns Media},
  Url                      = {http://mirrors.ctan.org/macros/latex/contrib/koma-script/doc/scrguide.pdf},

  Owner                    = {mo},
  Timestamp                = {2016.09.23}
}

@Article{gnuplottex,
  Title                    = {The gnuplottex package},
  Author                   = {Kotthoff, Lars and Höfel, Udo},
  Note                     = {texdoc gnuplottex},
  Url                      = {http://mirrors.ctan.org/macros/latex/contrib/gnuplottex/gnuplottex.pdf},

  Owner                    = {mo},
  Timestamp                = {2016.11.17}
}

@Article{beamer,
  author    = {Miletić, Vedran and Wright, Joseph and Tantau, Till},
  title     = {The beamer class},
  note      = {texdoc beamer},
  owner     = {mo},
  timestamp = {2016.11.24},
  url       = {http://mirrors.ctan.org/macros/latex/contrib/beamer/doc/beameruserguide.pdf},
}

@Article{tikzposter,
  Title                    = {The tikzposter class},
  Author                   = {Richter, Pascal and  Botoeva, Elena and Barnard, Richard and Surmann, Dirk},
  Note                     = {texdoc tikzposter},
  Url                      = {http://mirrors.ctan.org/graphics/pgf/contrib/tikzposter/tikzposter.pdf},

  Owner                    = {mo},
  Timestamp                = {2016.11.24}
}

@Article{microtype,
  Title                    = {The \texttt{microtype} package},
  Author                   = {Schlicht, Robert},
  Note                     = {texdoc microtype},
  Subtitle                 = {Subliminal refinements towards typographical perfection},
  Url                      = {http://mirrors.ctan.org/macros/latex/contrib/microtype/microtype.pdf},

  Owner                    = {mo},
  Timestamp                = {2016.09.23}
}

@Article{amsmath,
  Title                    = {User's Guide for the \texttt{amsmath} Package},
  Author                   = {American~Mathematical~Society},
  Note                     = {texdoc amsmath},
  Url                      = {http://mirrors.ctan.org/info/math/},

  Owner                    = {mo},
  Timestamp                = {2016.09.23}
}

@Article{amsthm,
  Title                    = {amsthm – Typesetting theorems (\hologo{AmS} style)},
  Author                   = {American~Mathematical~Society},
  Note                     = {texdoc amsthm},
  Url                      = {http://mirrors.ctan.org/macros/latex/required/amscls/doc/amsthdoc.pdf},

  Owner                    = {mo},
  Timestamp                = {2016.11.18}
}

@Article{tikz,
  Title                    = {The \TikZ and PGF Packages},
  Author                   = {Tantau, Till},
  Note                     = {texdoc tikz},
  Url                      = {http://mirrors.ctan.org/graphics/pgf/base/doc/pgfmanual.pdf},

  Owner                    = {mo},
  Timestamp                = {2016.11.19}
}

@Article{mathmode,
  Title                    = {Math mode},
  Author                   = {Voß, Herbert},
  Note                     = {texdoc mathmode},
  Url                      = {http://mirrors.ctan.org/info/math/voss/mathmode/Mathmode.pdf},

  Owner                    = {mo},
  Timestamp                = {2016.09.23}
}

@Book{dante:luatex,
  Title                    = {Einführung in Lua\TeX~und Lua\LaTeX},
  Author                   = {Voß, Herbert},
  Year                     = {2013},
  Publisher                = {Lehmanns Media},

  Owner                    = {mo},
  Timestamp                = {2016.09.23}
}

@Book{dante:einfuehrung,
  Title                    = {Einführung in \LaTeX},
  Author                   = {Voß, Herbert},
  Year                     = {2012},
  Publisher                = {Lehmanns Media},

  Owner                    = {mo},
  Timestamp                = {2016.09.23}
}

@Book{dante:mathe,
  Title                    = {Mathematksatz mit \LaTeX},
  Author                   = {Voß, Herbert},
  Year                     = {2012},
  Publisher                = {Lehmanns Media},

  Owner                    = {mo},
  Timestamp                = {2016.09.23}
}

@Book{dante:praesentationen,
  Title                    = {Präsentationen mit \LaTeX},
  Author                   = {Voß, Herbert},
  Year                     = {2012},
  Publisher                = {Lehmanns Media},

  Owner                    = {mo},
  Timestamp                = {2016.09.23}
}

@Book{dante:bibliografien,
  Title                    = {Bibliografien mit \LaTeX},
  Author                   = {Voß, Herbert},
  Year                     = {2011},
  Publisher                = {Lehmanns Media},

  Owner                    = {mo},
  Timestamp                = {2016.09.23}
}

@Book{dante:pstricks,
  Title                    = {PSTricks},
  Author                   = {Voß, Herbert},
  Year                     = {2010},
  Publisher                = {Lehmanns Media},
  Subtitle                 = {Grafik mit PostScript},

  Owner                    = {mo},
  Timestamp                = {2016.09.23}
}

@Book{dante:tabellen,
  Title                    = {Tabellen mit \LaTeX},
  Author                   = {Voß, Herbert},
  Year                     = {2010},
  Publisher                = {Lehmanns Media},

  Owner                    = {mo},
  Timestamp                = {2016.09.23}
}

@Article{siunitx,
  Title                    = {\texttt{siunitx} – A comprehensive (SI) units package},
  Author                   = {Wright, Joseph},
  Note                     = {texdoc siunitx},
  Url                      = {http://mirrors.ctan.org/macros/latex/contrib/siunitx/siunitx.pdf},

  Owner                    = {mo},
  Timestamp                = {2016.11.18}
}

@Article{memoir,
  Title = {The Memoir Class},
  Author = {Peter Wilson},
  Note = {texdoc memoir},
  Url = {http://mirrors.ctan.org/macros/latex/contrib/memoir/memman.pdf}
}

@Article{classicthesis,
  Title = {A Classic Thesis Style},
  Author = {André Miede},
  Note = {texdoc classicthesis},
  Url = {http://mirrors.ctan.org/macros/latex/contrib/classicthesis/ClassicThesis.pdf}
}

@Article{biblatex,
  author    = {Philipp Lehman and Joseph Wright and Au­drey Boru­vka and Philip Kime},
  title     = {BibLaTeX – Sophisticated Bibliographies in LaTeX},
  note      = {texdoc biblatex},
  owner     = {mo},
  timestamp = {2017.01.10},
  url       = {http://mirrors.ctan.org/info/translations/biblatex/de/biblatex-de-Benutzerhandbuch.pdf},
}

@Article{babel,
  author    = {Javier Bezos and Jo­hannes L. Braams},
  title     = {Babel},
  note      = {texdoc babel},
  owner     = {mo},
  timestamp = {2017.01.10},
  url       = {http://mirrors.ctan.org/macros/latex/required/babel/base/babel.pdf},
}

@Article{polyglossia,
  author    = {Arthur Reutenauer and François Charette and Elie Roux},
  title     = {polyglossia: An Alternative to Babel for XeLaTeX and LuaLaTeX},
  note      = {texdoc polyglossia},
  owner     = {mo},
  timestamp = {2017.01.10},
  url       = {http://mirrors.ctan.org/macros/latex/contrib/polyglossia/polyglossia.pdf},
}

@Article{bidi,
  author    = {Vafa Khalighi and Zal Mehran},
  title     = {The bidi Package},
  note      = {texdoc bidi},
  owner     = {mo},
  timestamp = {2017.01.10},
  url       = {http://mirrors.ctan.org/macros/xetex/latex/bidi/bidi.pdf},
}

@Book{presentationzen,
  title     = {Presentation Zen: Simple Ideas on Presentation Design and Delivery},
  publisher = {New Riders},
  year      = {2011},
  author    = {Garr Reynolds},
  owner     = {mo},
  timestamp = {2017.01.15},
}

@Article{moderncv,
  author    = {Xavier Danaux and Christina Sambo},
  title     = {Moderncv},
  note      = {\url{https://github.com/xdanaux/moderncv/}},
  owner     = {mo},
  timestamp = {2017.01.27},
  url       = {https://github.com/xdanaux/moderncv/raw/master/manual/moderncv_userguide.pdf},
}

@Article{europasscv,
  author    = {Giacomo Mazzamuto},
  title     = {Documentation of the \LaTeX\ class europasscv.cls},
  note      = {texdoc europasscv},
  owner     = {mo},
  timestamp = {2017.01.27},
  url       = {http://mirrors.ctan.org/macros/latex/contrib/europasscv/europasscv.pdf},
}

@Article{xparse,
  author    = {The \LaTeX3 Project},
  title     = {The xparse package Document command parser},
  note      = {texdoc xparse},
  owner     = {mo},
  timestamp = {2017.02.01},
  url       = {http://mirrors.ctan.org/macros/latex/contrib/l3packages/xparse.pdf},
}

@Article{interface3,
  author    = {The \LaTeX3 Project},
  title     = {The \LaTeX3 Interfaces},
  note      = {texdoc interface3},
  owner     = {mo},
  timestamp = {2017.02.01},
  url       = {http://texdoc.net/texmf-dist/doc/latex/l3kernel/interface3.pdf},
}

@Article{expl3,
  author    = {The \LaTeX3 Project},
  title     = {The expl3 package and \LaTeX3 programming},
  note      = {texdoc expl3},
  owner     = {mo},
  timestamp = {2017.02.01},
  url       = {http://mirrors.ctan.org/macros/latex/contrib/l3kernel/expl3.pdf},
}

@Article{lualatex-doc-de,
  author    = {Manuel Pégourié-Gonnard},
  title     = {Eine Einführung in Lua\LaTeX},
  note      = {texdoc lualatex-doc-de},
  owner     = {mo},
  timestamp = {2017.02.01},
  url       = {http://mirrors.ctan.org/info/luatex/lualatex-doc-de/lualatex-doc-DE.pdf},
}

@Article{luacode,
  author    = {Manuel Pégourié-Gonnard},
  title     = {The luacode package},
  note      = {texdoc luacode},
  owner     = {mo},
  timestamp = {2017.02.01},
  url       = {http://mirrors.ctan.org/macros/luatex/latex/luacode/luacode.pdf},
}

@Article{clsguide,
  author    = {The \LaTeX3 Project},
  title     = {\LaTeXe\ for class and package writers},
  note      = {texdoc clsguide},
  owner     = {mo},
  timestamp = {2017.02.07},
  url       = {http://mirrors.ctan.org/macros/latex/doc/clsguide.pdf},
}

@Article{dtxtut,
  author    = {Scott Pakin},
  title     = {How to Package Your \LaTeX\ Package},
  note      = {texdoc dtxtut},
  owner     = {mo},
  timestamp = {2017.02.07},
  url       = {http://mirrors.ctan.org/info/dtxtut/dtxtut.pdf},
}

@Article{docstrip,
  author    = {Frank Mittelbach and Denys Duchier and Johannes Braams and Marcin Woliński and Mark Wooding},
  title     = {The DocStrip program},
  note      = {texdoc docstrip},
  owner     = {mo},
  timestamp = {2017.02.07},
  url       = {http://ctan.org/pkg/docstrip},
}

@Article{graphicx,
  author    = {D. P. Carlisle and The \LaTeX3 Project},
  title     = {Packages in the ‘graphics’ bundle},
  note      = {texdoc graphicx},
  owner     = {mo},
  timestamp = {2017.02.08},
  url       = {http://mirrors.ctan.org/macros/latex/required/graphics/grfguide.pdf},
}

@Comment{jabref-meta: databaseType:bibtex;}
